@Book{xie2015,
  title = {Dynamic Documents with {R} and knitr},
  author = {Yihui Xie},
  publisher = {Chapman and Hall/CRC},
  address = {Boca Raton, Florida},
  year = {2015},
  edition = {2nd},
  note = {ISBN 978-1498716963},
  url = {http://yihui.name/knitr/},
}


 @ARTICLE{Nixon1995-th,
   title     = "Coastal marine eutrophication: A definition, social causes, and
                future concerns",
   author    = "Nixon, Scott W",
   journal   = "Ophelia",
   publisher = "Taylor \& Francis",
   volume    =  41,
   number    =  1,
   pages     = "199--219",
   month     =  feb,
   year      =  1995,
   file      = "All Papers/N/Nixon 1995 - Coastal marine eutrophication - A definition, social causes, and future concerns.pdf",
   issn      = "0078-5326",
   doi       = "10.1080/00785236.1995.10422044"
 }


 @ARTICLE{Anonymous1991-xb,
   title   = "{COUNCIL} {DIRECTIVE} of 12 December 1991 concerning the
              protection of waters against pollution caused by nitrates from
              agricultural sources (91 / 676 {/EEC})",
   author  = "{Anonymous}",
   journal = "Official Journal of the European Communities",
   volume  =  31,
   number  =  12,
   pages   = "1--8",
   year    =  1991,
   url     = "http://eur-lex.europa.eu/legal-content/EN/TXT/PDF/?uri=CELEX:31991L0676&from=EN",
   file    = "All Papers/A/Anonymous 1991 - COUNCIL DIRECTIVE of 12 December 1991 concerning the p ... ollution caused by nitrates from agricultural sources (91 - 676 - EEC).pdf"
 }

 @ARTICLE{Anonymous1991-ho,
   title   = "Council Directive of 21 May 1991 concerning urban waste water
              treatment ({91/271/EEC)}. {L} 135",
   author  = "{Anonymous}",
   journal = "Official Journal of the European Communities",
   volume  =  30,
   number  =  5,
   pages   = "40--52",
   year    =  1991,
   url     = "http://eur-lex.europa.eu/legal-content/EN/TXT/PDF/?uri=CELEX:31991L0271&from=EN",
   file    = "All Papers/A/Anonymous 1991 - Council Directive of 21 May 1991 concerning urban waste water treatment (91 - 271 - EEC). L 135.pdf"
 }


@ARTICLE{Nixon2009-ft,
  title   = "Eutrophication and the macroscope",
  author  = "Nixon, Scott W",
  journal = "Journal of Hydrobiologia",
  volume  =  629,
  number  =  1,
  pages   = "5--19",
  year    =  2009,
  file    = "All Papers/N/Nixon 2009 - Eutrophication and the macroscope.pdf",
  doi     = "10.1007/s1070-00-59-z"
}

 @MISC{World_Health_Organization2011-hd,
   title  = "Nitrate and Nitrite in Drinking-water Background document for
             development of {WHO} Guidelines for Drinking-water Quality",
   author = "{World Health Organization}",
   year   =  2011,
   url    = "http://www.who.int/water_sanitation_health/dwq/chemicals/nitratenitrite2ndadd.pdf",
   file   = "All Papers/W/World Health Organization 2011 - Nitrate and Nitrite in Drinking-water B ... document for development of WHO Guidelines for Drinking-water Quality.pdf"
 }

@BOOK{Degens1989-ip,
   title     = "Perspectives on Biogeochemistry",
   author    = "Degens, Egon T",
   publisher = "Springer-Verlag Berlin Heidelberg",
   edition   =  1,
   year      =  1989,
   url       = "http://www.springer.com/us/book/9783540501916",
   isbn      = "9783642488795, 9783540501916",
   doi       = "10.1007/978-3-642-48879-5"
 }

 @MISC{Epa2016-yj,
   title  = "Climate Change Indicators in the United States: Atmospheric
             Concentrations of Greenhouse Gases",
   author = "{EPA}",
   year   =  2016,
   url    = "https://www.epa.gov/sites/production/files/2016-08/documents/print_ghg-concentrations-2016.pdf",
   file   = "All Papers/E/EPA 2016 - Climate Change Indicators in the United States - Atmospheric Concentrations of Greenhouse Gases.pdf"
 }

@ARTICLE{De_Bolster1997-ul,
   title   = "{GLOSSARY} {OF} {TERMS} {USED} {IN} {BIOINORGANIC} {CHEMISTRY}",
   author  = "De Bolster, M W G",
   journal = "Pure \& Appl. Chem.",
   volume  =  69,
   number  =  6,
   pages   = "1251--1303",
   year    =  1997,
   url     = "https://www.degruyter.com/downloadpdf/j/pac.1997.69.issue-6/pac199769061251/pac199769061251.pdf",
   file    = "All Papers/D/By 1997 - GLOSSARY OF TERMS USED IN BIOINORGANIC CHEMISTRY.pdf"
 }

 @MISC{Wikipedia_contributors2018-ew,
   title        = "Mineralization (soil science)",
   booktitle    = "Wikipedia, The Free Encyclopedia",
   author       = "{Wikipedia contributors}",
   month        =  feb,
   year         =  2018,
   url          = "https://en.wikipedia.org/w/index.php?title=Mineralization_(soil_science)&oldid=824330783",
   howpublished = "\url{https://en.wikipedia.org/w/index.php?title=Mineralization_(soil_science)&oldid=824330783}",
   note         = "Accessed: 2018-2-12"
 }

 @MISC{Wikipedia_contributors2018-na,
   title        = "Lithotroph",
   booktitle    = "Wikipedia, The Free Encyclopedia",
   author       = "{Wikipedia contributors}",
   month        =  feb,
   year         =  2018,
   url          = "https://en.wikipedia.org/w/index.php?title=Lithotroph&oldid=824424849",
   howpublished = "\url{https://en.wikipedia.org/w/index.php?title=Lithotroph&oldid=824424849}",
   note         = "Accessed: 2018-2-12"
 }


@MISC{Wikipedia_contributors2017-id,
  title        = "Mass diffusivity",
  booktitle    = "Wikipedia, The Free Encyclopedia",
  author       = "{Wikipedia contributors}",
  month        =  dec,
  year         =  2017,
  url          = "https://en.wikipedia.org/w/index.php?title=Mass_diffusivity&oldid=814042123",
  howpublished = "\url{https://en.wikipedia.org/w/index.php?title=Mass_diffusivity&oldid=814042123}",
  note         = "Accessed: 2018-2-15"
}


@ARTICLE{Knowles1982-ku,
  title    = "Denitrification",
  author   = "Knowles, R",
  journal  = "Microbiol. Rev.",
  volume   =  46,
  number   =  1,
  pages    = "43--70",
  month    =  mar,
  year     =  1982,
  url      = "https://www.ncbi.nlm.nih.gov/pubmed/7045624",
  file     = "All Papers/K/Knowles 1982 - Denitrification.pdf",
  language = "en",
  issn     = "0146-0749",
  pmid     = "7045624",
  pmc      = "PMC373209"
}


@MISC{Wikipedia_contributors2018-be,
  title        = "Half-reaction",
  booktitle    = "Wikipedia, The Free Encyclopedia",
  author       = "{Wikipedia contributors}",
  month        =  jan,
  year         =  2018,
  url          = "https://en.wikipedia.org/w/index.php?title=Half-reaction&oldid=818944807",
  howpublished = "\url{https://en.wikipedia.org/w/index.php?title=Half-reaction&oldid=818944807}",
  note         = "Accessed: 2018-2-16"
}


@MISC{Wikipedia_contributors2018-dg,
  title        = "Redox",
  booktitle    = "Wikipedia, The Free Encyclopedia",
  author       = "{Wikipedia contributors}",
  month        =  feb,
  year         =  2018,
  url          = "https://en.wikipedia.org/w/index.php?title=Redox&oldid=827456122",
  howpublished = "\url{https://en.wikipedia.org/w/index.php?title=Redox&oldid=827456122}",
  note         = "Accessed: 2018-2-27"
}


@MISC{Wikipedia_contributors2018-lc,
  title        = "Bicarbonate",
  booktitle    = "Wikipedia, The Free Encyclopedia",
  author       = "{Wikipedia contributors}",
  month        =  jan,
  year         =  2018,
  url          = "https://en.wikipedia.org/w/index.php?title=Bicarbonate&oldid=821123160",
  howpublished = "\url{https://en.wikipedia.org/w/index.php?title=Bicarbonate&oldid=821123160}",
  note         = "Accessed: 2018-2-27"
}


@MISC{Wikipedia_contributors2018-li,
  title        = "Monosaccharide",
  booktitle    = "Wikipedia, The Free Encyclopedia",
  author       = "{Wikipedia contributors}",
  month        =  feb,
  year         =  2018,
  url          = "https://en.wikipedia.org/w/index.php?title=Monosaccharide&oldid=827952122",
  howpublished = "\url{https://en.wikipedia.org/w/index.php?title=Monosaccharide&oldid=827952122}",
  note         = "Accessed: 2018-3-6"
}


@MISC{Wikipedia_contributors2018-sa,
  title        = "Skeletal formula",
  booktitle    = "Wikipedia, The Free Encyclopedia",
  author       = "{Wikipedia contributors}",
  month        =  feb,
  year         =  2018,
  url          = "https://en.wikipedia.org/w/index.php?title=Skeletal_formula&oldid=824956033",
  howpublished = "\url{https://en.wikipedia.org/w/index.php?title=Skeletal_formula&oldid=824956033}",
  note         = "Accessed: 2018-3-6"
}


@MISC{Wikipedia_contributors2018-fs,
  title        = "Biogeochemistry",
  booktitle    = "Wikipedia, The Free Encyclopedia",
  author       = "{Wikipedia contributors}",
  month        =  aug,
  year         =  2018,
  url          = "https://en.wikipedia.org/w/index.php?title=Biogeochemistry&oldid=855472784",
  howpublished = "\url{https://en.wikipedia.org/w/index.php?title=Biogeochemistry&oldid=855472784}",
  note         = "Accessed: 2018-8-22"
}

@book{0080446426,
  Author = {Schlesinger, WH},
  Title = {Biogeochemistry: Treatise on Geochemistry, Volume 8},
  Publisher = {Elsevier Science},
  Year = {2005},
  ISBN = {0080446426},
  URL = {}
}


@MISC{Wikipedia_contributors2018-dr,
  title        = "Pollution",
  booktitle    = "Wikipedia, The Free Encyclopedia",
  author       = "{Wikipedia contributors}",
  month        =  aug,
  year         =  2018,
  url          = "https://en.wikipedia.org/w/index.php?title=Pollution&oldid=855828820",
  howpublished = "\url{https://en.wikipedia.org/w/index.php?title=Pollution&oldid=855828820}",
  note         = "Accessed: 2018-8-27"
}


@MISC{Wikipedia_contributors2018-nc,
  title        = "Water pollution",
  booktitle    = "Wikipedia, The Free Encyclopedia",
  author       = "{Wikipedia contributors}",
  month        =  jun,
  year         =  2018,
  url          = "https://en.wikipedia.org/w/index.php?title=Water_pollution&oldid=845540314",
  howpublished = "\url{https://en.wikipedia.org/w/index.php?title=Water_pollution&oldid=845540314}",
  note         = "Accessed: 2018-8-27"
}


@ARTICLE{Latson2015-cg,
  title    = "The Burning River That Sparked a Revolution",
  author   = "Latson, Jennifer",
  journal  = "Time",
  month    =  jun,
  year     =  2015,
  url      = "http://time.com/3921976/cuyahoga-fire/",
  issn     = "0040-781X"
}


@MISC{Wikipedia_contributors2018-vs,
  title        = "Clean Water Act",
  booktitle    = "Wikipedia, The Free Encyclopedia",
  author       = "{Wikipedia contributors}",
  month        =  aug,
  year         =  2018,
  url          = "https://en.wikipedia.org/w/index.php?title=Clean_Water_Act&oldid=854501784",
  howpublished = "\url{https://en.wikipedia.org/w/index.php?title=Clean_Water_Act&oldid=854501784}",
  note         = "Accessed: 2018-8-27"
}


@MISC{Wikipedia_contributors2018-at,
  title        = "Atomic number",
  booktitle    = "Wikipedia, The Free Encyclopedia",
  author       = "{Wikipedia contributors}",
  month        =  aug,
  year         =  2018,
  url          = "https://en.wikipedia.org/w/index.php?title=Atomic_number&oldid=854761533",
  howpublished = "\url{https://en.wikipedia.org/w/index.php?title=Atomic_number&oldid=854761533}",
  note         = "Accessed: 2018-8-28"
}


@MISC{Wikipedia_contributors2018-ui,
  title        = "Sigma bond",
  booktitle    = "Wikipedia, The Free Encyclopedia",
  author       = "{Wikipedia contributors}",
  month        =  apr,
  year         =  2018,
  url          = "https://en.wikipedia.org/w/index.php?title=Sigma_bond&oldid=838861400",
  howpublished = "\url{https://en.wikipedia.org/w/index.php?title=Sigma_bond&oldid=838861400}",
  note         = "Accessed: 2018-9-4"
}


@MISC{Wikipedia_contributors2018-mx,
  title        = "Covalent bond",
  booktitle    = "Wikipedia, The Free Encyclopedia",
  author       = "{Wikipedia contributors}",
  month        =  jul,
  year         =  2018,
  url          = "https://en.wikipedia.org/w/index.php?title=Covalent_bond&oldid=851600077",
  howpublished = "\url{https://en.wikipedia.org/w/index.php?title=Covalent_bond&oldid=851600077}",
  note         = "Accessed: 2018-9-4"
}


@MISC{Wikipedia_contributors2018-sr,
  title        = "Pi bond",
  booktitle    = "Wikipedia, The Free Encyclopedia",
  author       = "{Wikipedia contributors}",
  month        =  mar,
  year         =  2018,
  url          = "https://en.wikipedia.org/w/index.php?title=Pi_bond&oldid=830933062",
  howpublished = "\url{https://en.wikipedia.org/w/index.php?title=Pi_bond&oldid=830933062}",
  note         = "Accessed: 2018-9-4"
}


@MISC{Wikipedia_contributors2018-he,
  title        = "Chemical polarity",
  booktitle    = "Wikipedia, The Free Encyclopedia",
  author       = "{Wikipedia contributors}",
  month        =  aug,
  year         =  2018,
  url          = "https://en.wikipedia.org/w/index.php?title=Chemical_polarity&oldid=857235138",
  howpublished = "\url{https://en.wikipedia.org/w/index.php?title=Chemical_polarity&oldid=857235138}",
  note         = "Accessed: 2018-9-4"
}


@MISC{Wikipedia_contributors2018-wp,
  title        = "Water",
  booktitle    = "Wikipedia, The Free Encyclopedia",
  author       = "{Wikipedia contributors}",
  month        =  sep,
  year         =  2018,
  url          = "https://en.wikipedia.org/w/index.php?title=Water&oldid=857931689",
  howpublished = "\url{https://en.wikipedia.org/w/index.php?title=Water&oldid=857931689}",
  note         = "Accessed: 2018-9-4"
}
